@Book{bib1,
	title= "Compositing Digital Images. In SIGGRAPH 1984 Proceedings",
	author="Thomas Porter, Tom Duff",
	publisher="SIGGRAPH",
	year={1984}
}

@Book{bib2,
	title= "Intel 64 and IA-32 Architectures Software Developerâ€™s Manual",
	publisher="Intel Corporation",
	year={2017}
}